%% This BibTeX bibliography file was created using BibDesk.
%% https://bibdesk.sourceforge.io/

%% Created for Andrea Grossutti at 2022-05-11 00:11:52 +0200 


%% Saved with string encoding Unicode (UTF-8) 



@book{M,
	author = {Macdonald, I.G. and Zelevinsky, A.V.},
	date-added = {2022-05-04 12:57:47 +0200},
	date-modified = {2022-05-10 15:11:59 +0200},
	title = {Symmetric Functions and Hall Polynomials},
	year = {2015},
	Bdsk-Url-1 = {https://books.google.it/books?id=BzRurgEACAAJ}}

@book{J,
	author = {P. Johnson},
	date-added = {2022-05-04 00:24:42 +0200},
	date-modified = {2022-05-11 00:11:22 +0200},
	title = {Double Hurwitz numbers via the infinite wedge},
	year = 2015,
	Bdsk-Url-1 = {https://doi.org/10.1090%2Fs0002-9947-2015-06238-2},
	Bdsk-Url-2 = {https://doi.org/10.1090/s0002-9947-2015-06238-2}}

@book{MJD,
	author = {Miwa, T. and Jimbo, M. and Date, E.},
	date-added = {2022-05-04 00:22:02 +0200},
	date-modified = {2022-05-10 15:12:16 +0200},
	title = {Solitons: Differential Equations, Symmetries and Infinite Dimensional Algebras},
	year = {2000},
	Bdsk-Url-1 = {https://books.google.it/books?id=kQDw1ZcqLjUC}}

@book{OP2,
	author = {A. Okounkov and R. Pandharipande},
	date-added = {2022-05-04 00:19:05 +0200},
	date-modified = {2022-05-11 00:11:50 +0200},
	title = {The equivariant Gromov{\textendash}Witten theory of {$P^1$}},
	year = 2006,
	Bdsk-Url-1 = {https://doi.org/10.4007%2Fannals.2006.163.561},
	Bdsk-Url-2 = {https://doi.org/10.4007/annals.2006.163.561}}

@book{OP1,
	author = {A. Okounkov and R. Pandharipande},
	date-added = {2022-05-04 00:18:33 +0200},
	date-modified = {2022-05-11 00:11:45 +0200},
	title = {Gromov{\textendash}Witten theory, Hurwitz theory, and completed cycles},
	year = 2006,
	Bdsk-Url-1 = {https://doi.org/10.4007%2Fannals.2006.163.517},
	Bdsk-Url-2 = {https://doi.org/10.4007/annals.2006.163.517}}

@book{O2,
	author = {A. Okounkov},
	date-added = {2022-05-04 00:17:45 +0200},
	date-modified = {2022-05-11 00:11:40 +0200},
	title = {Infinite wedge and random partitions},
	year = 2001,
	Bdsk-Url-1 = {https://doi.org/10.1007%2Fpl00001398},
	Bdsk-Url-2 = {https://doi.org/10.1007/pl00001398}}

@book{O1,
	author = {A. Okounkov},
	date-added = {2022-05-04 00:15:56 +0200},
	date-modified = {2022-05-11 00:11:35 +0200},
	title = {Toda equations for Hurwitz numbers},
	year = 2000,
	Bdsk-Url-1 = {https://doi.org/10.4310%2Fmrl.2000.v7.n4.a10},
	Bdsk-Url-2 = {https://doi.org/10.4310/mrl.2000.v7.n4.a10}}

@book{FH,
	author = {W. Fulton and J. Harris},
	date-added = {2022-05-03 19:09:48 +0200},
	date-modified = {2022-05-10 15:14:41 +0200},
	title = {Representation Theory},
	year = 2004,
	Bdsk-Url-1 = {https://doi.org/10.1007%2F978-1-4612-0979-9},
	Bdsk-Url-2 = {https://doi.org/10.1007/978-1-4612-0979-9}}

@book{CM,
	author = {Cavalieri, R. and Miles, E.},
	date-added = {2022-05-03 14:25:37 +0200},
	date-modified = {2022-05-10 15:15:45 +0200},
	title = {Riemann Surfaces and Algebraic Curves: A First Course in Hurwitz Theory},
	year = {2016},
	Bdsk-Url-1 = {https://doi.org/10.1017/CBO9781316569252}}
