%% This BibTeX bibliography file was created using BibDesk.
%% https://bibdesk.sourceforge.io/

%% Created for Andrea Grossutti at 2022-05-04 12:58:01 +0200 


%% Saved with string encoding Unicode (UTF-8) 



@book{M,
	author = {Macdonald, I.G. and Zelevinsky, A.V.},
	date-added = {2022-05-04 12:57:47 +0200},
	date-modified = {2022-05-04 12:57:57 +0200},
	isbn = {9780198739128},
	lccn = {2016304835},
	publisher = {Clarendon Press},
	series = {Oxford Classic Texts in the Ph},
	title = {Symmetric Functions and Hall Polynomials},
	year = {2015},
	Bdsk-Url-1 = {https://books.google.it/books?id=BzRurgEACAAJ}}

@article{J,
	author = {Paul Johnson},
	date-added = {2022-05-04 00:24:42 +0200},
	date-modified = {2022-05-04 00:27:34 +0200},
	doi = {10.1090/s0002-9947-2015-06238-2},
	journal = {Transactions of the American Mathematical Society},
	month = {apr},
	number = {9},
	pages = {6415--6440},
	publisher = {American Mathematical Society ({AMS})},
	title = {Double Hurwitz numbers via the infinite wedge},
	volume = {367},
	year = 2015,
	Bdsk-Url-1 = {https://doi.org/10.1090%2Fs0002-9947-2015-06238-2},
	Bdsk-Url-2 = {https://doi.org/10.1090/s0002-9947-2015-06238-2}}

@book{MJD,
	author = {Miwa, T. and Jimbo, M. and Date, E.},
	date-added = {2022-05-04 00:22:02 +0200},
	date-modified = {2022-05-04 00:33:19 +0200},
	editor = {Reid, M. and Fulton, W. and Katok, A. and Kirwan, F. and Bollobas, B. and Sarnak, P. and others},
	isbn = {9780521561617},
	publisher = {Cambridge University Press},
	series = {Cambridge Tracts in Mathematics},
	title = {Solitons: Differential Equations, Symmetries and Infinite Dimensional Algebras},
	year = {2000},
	Bdsk-Url-1 = {https://books.google.it/books?id=kQDw1ZcqLjUC}}

@article{OP2,
	author = {Andrei Okounkov and Rahul Pandharipande},
	date-added = {2022-05-04 00:19:05 +0200},
	date-modified = {2022-05-04 00:31:55 +0200},
	doi = {10.4007/annals.2006.163.561},
	journal = {Annals of Mathematics},
	month = {mar},
	number = {2},
	pages = {561--605},
	publisher = {Annals of Mathematics},
	title = {The equivariant Gromov{\textendash}Witten theory of {$P^1$}},
	volume = {163},
	year = 2006,
	Bdsk-Url-1 = {https://doi.org/10.4007%2Fannals.2006.163.561},
	Bdsk-Url-2 = {https://doi.org/10.4007/annals.2006.163.561}}

@article{OP1,
	author = {Andrei Okounkov and Rahul Pandharipande},
	date-added = {2022-05-04 00:18:33 +0200},
	date-modified = {2022-05-04 00:29:12 +0200},
	doi = {10.4007/annals.2006.163.517},
	journal = {Annals of Mathematics},
	month = {mar},
	number = {2},
	pages = {517--560},
	publisher = {Annals of Mathematics},
	title = {Gromov{\textendash}Witten theory, Hurwitz theory, and completed cycles},
	volume = {163},
	year = 2006,
	Bdsk-Url-1 = {https://doi.org/10.4007%2Fannals.2006.163.517},
	Bdsk-Url-2 = {https://doi.org/10.4007/annals.2006.163.517}}

@article{O2,
	author = {A. Okounkov},
	date-added = {2022-05-04 00:17:45 +0200},
	date-modified = {2022-05-04 00:28:50 +0200},
	doi = {10.1007/pl00001398},
	journal = {Selecta Mathematica},
	month = {apr},
	number = {1},
	pages = {57--81},
	publisher = {Springer Science and Business Media {LLC}},
	title = {Infinite wedge and random partitions},
	volume = {7},
	year = 2001,
	Bdsk-Url-1 = {https://doi.org/10.1007%2Fpl00001398},
	Bdsk-Url-2 = {https://doi.org/10.1007/pl00001398}}

@article{O1,
	author = {Andrei Okounkov},
	date-added = {2022-05-04 00:15:56 +0200},
	date-modified = {2022-05-04 00:28:44 +0200},
	doi = {10.4310/mrl.2000.v7.n4.a10},
	journal = {Mathematical Research Letters},
	number = {4},
	pages = {447--453},
	publisher = {International Press of Boston},
	title = {Toda equations for Hurwitz numbers},
	volume = {7},
	year = 2000,
	Bdsk-Url-1 = {https://doi.org/10.4310%2Fmrl.2000.v7.n4.a10},
	Bdsk-Url-2 = {https://doi.org/10.4310/mrl.2000.v7.n4.a10}}

@book{FH,
	author = {William Fulton and Joe Harris},
	date-added = {2022-05-03 19:09:48 +0200},
	date-modified = {2022-05-03 19:10:02 +0200},
	doi = {10.1007/978-1-4612-0979-9},
	publisher = {Springer New York},
	title = {Representation Theory},
	year = 2004,
	Bdsk-Url-1 = {https://doi.org/10.1007%2F978-1-4612-0979-9},
	Bdsk-Url-2 = {https://doi.org/10.1007/978-1-4612-0979-9}}

@book{CM,
	author = {Cavalieri, Renzo and Miles, Eric},
	collection = {London Mathematical Society Student Texts},
	date-added = {2022-05-03 14:25:37 +0200},
	date-modified = {2022-05-03 14:25:45 +0200},
	doi = {10.1017/CBO9781316569252},
	place = {Cambridge},
	publisher = {Cambridge University Press},
	series = {London Mathematical Society Student Texts},
	title = {Riemann Surfaces and Algebraic Curves: A First Course in Hurwitz Theory},
	year = {2016},
	Bdsk-Url-1 = {https://doi.org/10.1017/CBO9781316569252}}
